@ARTICLE{4773208,
author={Lifang Wu and De Matta, R. and Lowe, T.J.},
journal={Engineering Management, IEEE Transactions on},
title={Updating a Modular Product: How to Set Time to Market and Component Quality},
year={2009},
month={May},
volume={56},
number={2},
pages={298-311},
keywords={design for quality;product design;product life cycle management;time to market;component quality;multicomponent modular product;product design;product development;product life cycles;product quality;time to market;Cities and towns;Cost function;Product design;Product development;Productivity;Quality function deployment;Research and development;Resource management;Solids;Time to market;Component reuse;modular product design;nonlinear programming;product development},
doi={10.1109/TEM.2008.2005065},
ISSN={0018-9391},}

@INPROCEEDINGS{6859693, 
author={Okanovic, V.}, 
booktitle={Information and Communication Technology, Electronics and Microelectronics (MIPRO), 2014 37th International Convention on}, 
title={Web application development with component frameworks}, 
year={2014}, 
month={May}, 
pages={889-892}, 
keywords={Internet;Java;public domain software;dynamic Web application development;open source Java Web component frameworks;Data models;HTML;Java;Open source software;Web pages;XML}, 
doi={10.1109/MIPRO.2014.6859693},}

@INPROCEEDINGS{5552271, 
author={Nath, M. and Arora, A.}, 
booktitle={Software Engineering and Service Sciences (ICSESS), 2010 IEEE International Conference on}, 
title={Content management system : Comparative case study}, 
year={2010}, 
month={July}, 
pages={624-627}, 
keywords={Java;content management;public domain software;Java;Web site;content management system;digital asset management;open source CMS;Availability;Content management;Databases;Electronic mail;Java;Plagiarism;Springs;Content;Content Management System;anti plagiarism;digital asset management;features}, 
doi={10.1109/ICSESS.2010.5552271},}

@INPROCEEDINGS{6169111, 
author={Patel, S.K. and Rathod, V.R. and Parikh, S.}, 
booktitle={Trendz in Information Sciences and Computing (TISC), 2011 3rd International Conference on}, 
title={Joomla, Drupal and WordPress - a statistical comparison of open source CMS}, 
year={2011}, 
month={Dec}, 
pages={182-187}, 
keywords={Web sites;content management;public domain software;statistical analysis;Drupal;JS files;Joomla;PLT;PS;Web site;WordPress;content management principles;live server;open source CMS;open source content management system;page load time;page performance criteria;page performance evaluation;page size;statistical comparison;Blogs;Cascading style sheets;Clocks;Random access memory;Servers;Comparision;Drupal;Joomla;Open Source;Prerformance;WordPress}, 
doi={10.1109/TISC.2011.6169111},}

@misc{ usage-cms,
   author = "W3Techs",
   title = "Usage of content management systems for websites",
   year = "2015",
   howpublished = {\textit{Available at \url{http://w3techs.com/technologies/overview/content_management/all/}}},
   note = "[Online; accessed 15-May-2015]"
 }


@misc{ custom-elements,
   author = "W3C",
   title = "Custom Elements",
   year = "2014",
   howpublished = {\textit{Available at \url{http://www.w3.org/TR/custom-elements/}}},
   note = "[Online; accessed 15-May-2015]"
 }

@misc{ html-imports,
   author = "W3C",
   title = "HTML Imports",
   year = "2014",
   howpublished = {\textit{Available at \url{http://www.w3.org/TR/html-imports/}}},
   note = "[Online; accessed 15-May-2015]"
 }

@misc{ html-templates,
   author = "W3C",
   title = "HTML Templates",
   year = "2014",
   howpublished = {\textit{Available at \url{http://www.w3.org/TR/html-templates/}}},
   note = "[Online; accessed 15-May-2015]"
 }

@misc{ shadow-dom,
   author = "W3C",
   title = "Shadow DOM",
   year = "2014",
   howpublished = {\textit{Available at \url{http://www.w3.org/TR/shadow-dom/}}},
   note = "[Online; accessed 15-May-2015]"
 }

@misc{ joomla,
   author = "Joomla!",
   title = "Joomla!",
   year = "2015",
   howpublished = {\textit{Available at \url{http://www.joomla.com}}},
   note = "[Online; accessed 15-May-2015]"
 }

@misc{ wordpress,
   author = "Wordpress",
   title = "Wordpress",
   year = "2015",
   howpublished = {\textit{Available at \url{http://www.wordpress.com}}},
   note = "[Online; accessed 15-May-2015]"
 }

@misc{ keystone,
   author = "KeystoneJS",
   title = "KeystoneJS",
   year = "2015",
   howpublished = {\textit{Available at \url{www.keystonejs.com}}},
   note = "[Online; accessed 15-May-2015]"
 }

@misc{ ghost,
   author = "Ghost",
   title = "Ghost",
   year = "2015",
   howpublished = {\textit{Available at \url{http://www.ghost.org}}},
   note = "[Online; accessed 15-May-2015]"
 }

@misc{ iron-flex-layout,
   author = "Osmani, A. and Bidelman, E.",
   title = "iron-flex-layout",
   year = "2015",
   howpublished = {\textit{Available at \url{https://github.com/PolymerElements/iron-flex-layout}}},
   note = "[Online; accessed 15-May-2015]"
 }

@misc{ iron-elements,
   author = "Osmani, A. and Bidelman, E.",
   title = "iron-elements",
   year = "2015",
   howpublished = {\textit{Available at \url{https://github.com/PolymerElements/iron-elements}}},
   note = "[Online; accessed 15-May-2015]"
 }

@misc{ css-flexbox,
   author = "W3C",
   title = "CSS Flexbox",
   year = "2015",
   howpublished = {\textit{Available at \url{http://www.w3.org/TR/css3-flexbox/}}},
   note = "[Online; accessed 15-May-2015]"
 }

@misc{ css-variables,
   author = "W3C",
   title = "CSS Variables",
   year = "2015",
   howpublished = {\textit{Available at \url{http://dev.w3.org/csswg/css-variables/}}},
   note = "[Online; accessed 15-May-2015]"
 }

@misc{ webcomponents-polyfills,
   author = "Zeno Rocha",
   title = "Web Components polyfills",
   year = "2015",
   howpublished = {\textit{Available at \url{http://webcomponents.org/polyfills/}}},
   note = "[Online; accessed 15-May-2015]"
 }

@book{Heineman:2001:CSE:379381,
 editor = {Heineman, George T. and Councill, William T.},
 title = {Component-based Software Engineering: Putting the Pieces Together},
 year = {2001},
 isbn = {0-201-70485-4},
 publisher = {Addison-Wesley Longman Publishing Co., Inc.},
 address = {Boston, MA, USA},
}

@ARTICLE{914739, 
author={Repenning, A. and Ioannidou, A. and Payton, M. and Wenming Ye and Roschelle, Jeremy}, 
journal={Software, IEEE}, 
title={Using components for rapid distributed software development}, 
year={2001}, 
month={Mar}, 
volume={18}, 
number={2}, 
pages={38-45}, 
keywords={computer aided instruction;distributed object management;software development management;software reusability;Educational Software Components of Tomorrow;JavaBeans;global software development;rapid distributed software development;software components;software reuse;Analytical models;Application software;Guidelines;Object oriented modeling;Performance analysis;Pipelines;Programming;Scheduling;Software testing;State feedback}, 
doi={10.1109/52.914739}, 
ISSN={0740-7459},}
